@book{Bishop:2006ui,
 Author = {Bishop, Christopher M.},
 title = {Pattern Recognition and Machine Learning (Information Science and Statistics)},
 Year = {2006},
 Isbn = {0387310738},
 Publisher = {Springer-Verlag New York, Inc.},
 Address = {Secaucus, NJ, USA},
}

@article{mclachlan1999mahalanobis,
  title={Mahalanobis distance},
  author={McLachlan, Goeffrey J},
  journal={Resonance},
  volume={4},
  number={6},
  pages={20--26},
  year={1999},
  publisher={Springer}
}

@online{github,
	author={Jonas Osborn},
	title={A reproduction of the results of Murray I., Ghahramani Z. (2005) A note on the evidence and Bayesian Occamâ€™s razor. },
	year={2018},
	Url={https://github.com/Xzanth/Evidence-Bayesian-Occam},
	Urldate = {31-10-2018}}

@online{github1,
	author={Amber Kshz},
	title={Python implementations (on jupyter notebook) of algorithms described in the book "PRML" },
	year={2018},
	Url={https://github.com/amber-kshz/PRML},
	Urldate = {31-10-2018}}